@online{cimentotipos,
 author  = "Associação Brasileira de Cimento Portland (ABCP)",
 title   = "A versatilidade do cimento brasileiro",
 year    = "",
 url     = "https://abcp.org.br/cimento/tipos/",
 urldate = "2020-11-19",
 note    = "",
 keywords = {fonte}
}

@online{cimentogeral,
 author  = "Associação Brasileira de Cimento Portland (ABCP)",
 title   = "Cimento: diferentes tipos e aplicações",
 year    = "",
 url     = "https://abcp.org.br/imprensa/artigos/cimento-diferentes-tipos-e-aplicacoes/",
 urldate = "2020-11-19",
 note    = "",
 keywords = {fonte}
}

